@article{rebollo,
    author = "Rebollo Pedruelo, Miguel",
    title = "{La memoria}.",
    journal = "NA",
    volume = "NA",
    number = "NA",
    pages = "3-7",
    year = "2011",
    DOI = "",
    keywords = "RAM"
}



@book{Beekman,
    title = {Introducción a la informática},
    author = {Beekman, G},
    isbn = {978-84-832-2277},
    series = {},
    year = {2005},
    publisher = {PEARSON Pretentice Hall},
    keywords = {computación}
}